<record><leader>00000cas a2200000 a 4500</leader><controlfield tag="001">11286536</controlfield><controlfield tag="008">841019d18661866fluir ne      0    0eng c</controlfield><datafield ind1=" " ind2=" " tag="010"><subfield code="a">sn 84027577 </subfield></datafield><datafield ind1=" " ind2=" " tag="040"><subfield code="a">NPU</subfield><subfield code="b">eng</subfield><subfield code="c">NPU</subfield><subfield code="d">NLG</subfield><subfield code="d">FUG</subfield><subfield code="d">OCLCQ</subfield><subfield code="d">OCLCF</subfield><subfield code="d">OCLCO</subfield></datafield><datafield ind1=" " ind2=" " tag="012"><subfield code="i">9512</subfield></datafield><datafield ind1=" " ind2=" " tag="042"><subfield code="a">pcc</subfield></datafield><datafield ind1=" " ind2=" " tag="043"><subfield code="a">n-us-fl</subfield></datafield><datafield ind1="0" ind2="0" tag="245"><subfield code="a">Florida tri-weekly sentinel.</subfield></datafield><datafield ind1="1" ind2="3" tag="246"><subfield code="a">Tri-weekly sentinel</subfield></datafield><datafield ind1="3" ind2="0" tag="246"><subfield code="a">Florida sentinel</subfield></datafield><datafield ind1=" " ind2=" " tag="260"><subfield code="a">Tallahassee [Fla.] :</subfield><subfield code="b">Shober &amp; Oliver,</subfield><subfield code="c">1866.</subfield></datafield><datafield ind1=" " ind2=" " tag="300"><subfield code="a">v. ;</subfield><subfield code="c">55 cm.</subfield></datafield><datafield ind1=" " ind2=" " tag="310"><subfield code="a">Triweekly</subfield></datafield><datafield ind1="0" ind2=" " tag="362"><subfield code="a">New ser. vol. 1, no. 1 (May 22, 1866)-new ser. v. 2, no. 5 (Nov. 6, 1866).</subfield></datafield><datafield ind1=" " ind2=" " tag="500"><subfield code="a">"Published every Tuesday, Thursday and Saturday."</subfield></datafield><datafield ind1=" " ind2="0" tag="651"><subfield code="a">Tallahassee (Fla.)</subfield><subfield code="v">Newspapers.</subfield></datafield><datafield ind1=" " ind2="0" tag="651"><subfield code="a">Leon County (Fla.)</subfield><subfield code="v">Newspapers.</subfield></datafield><datafield ind1=" " ind2="7" tag="655"><subfield code="a">Newspapers.</subfield><subfield code="2">fast</subfield><subfield code="0">(OCoLC)fst01423814</subfield></datafield><datafield ind1=" " ind2="7" tag="651"><subfield code="a">Florida</subfield><subfield code="z">Leon County.</subfield><subfield code="2">fast</subfield><subfield code="0">(OCoLC)fst01206533</subfield></datafield><datafield ind1=" " ind2="7" tag="651"><subfield code="a">Florida</subfield><subfield code="z">Tallahassee.</subfield><subfield code="2">fast</subfield><subfield code="0">(OCoLC)fst01206534</subfield></datafield><datafield ind1=" " ind2=" " tag="752"><subfield code="a">United States</subfield><subfield code="b">Florida</subfield><subfield code="c">Leon</subfield><subfield code="d">Tallahassee.</subfield></datafield><datafield ind1="0" ind2="0" tag="780"><subfield code="t">Florida sentinel (Tallahassee, Fla.)</subfield><subfield code="w">(DLC)sn 82014066</subfield><subfield code="w">(OCoLC)8807470</subfield></datafield><datafield ind1="0" ind2="0" tag="785"><subfield code="t">Tallahassee sentinel</subfield><subfield code="w">(DLC)sn 82016388</subfield><subfield code="w">(OCoLC)9308128</subfield></datafield><datafield ind1=" " ind2=" " tag="850"><subfield code="a">FU</subfield></datafield></record>